<?xml version="1.0" encoding="UTF-8"?>
  <record xmlns="http://www.loc.gov/MARC21/slim" type="Authority">
    <leader>00000nz  a2200000oc 4500</leader>
    <controlfield tag="001">130043419</controlfield>
    <controlfield tag="003">DE-101</controlfield>
    <controlfield tag="005">20220309132228.0</controlfield>
    <controlfield tag="008">050531n||aznnnaabn           | aaa    |c</controlfield>
    <datafield tag="024" ind1="7" ind2=" ">
      <subfield code="a">130043419</subfield>
      <subfield code="0">http://d-nb.info/gnd/130043419</subfield>
      <subfield code="2">gnd</subfield>
    </datafield>
    <datafield tag="035" ind1=" " ind2=" ">
      <subfield code="a">(DE-101)130043419</subfield>
    </datafield>
    <datafield tag="035" ind1=" " ind2=" ">
      <subfield code="a">(DE-588)130043419</subfield>
    </datafield>
    <datafield tag="035" ind1=" " ind2=" ">
      <subfield code="z">(DE-588a)130043419</subfield>
      <subfield code="9">v:zg</subfield>
    </datafield>
    <datafield tag="040" ind1=" " ind2=" ">
      <subfield code="a">DE-35</subfield>
      <subfield code="c">DE-35</subfield>
      <subfield code="9">r:DE-601</subfield>
      <subfield code="b">ger</subfield>
      <subfield code="d">2214</subfield>
    </datafield>
    <datafield tag="042" ind1=" " ind2=" ">
      <subfield code="a">gnd3</subfield>
    </datafield>
    <datafield tag="043" ind1=" " ind2=" ">
      <subfield code="c">XA-DE</subfield>
    </datafield>
    <datafield tag="075" ind1=" " ind2=" ">
      <subfield code="b">p</subfield>
      <subfield code="2">gndgen</subfield>
    </datafield>
    <datafield tag="075" ind1=" " ind2=" ">
      <subfield code="b">piz</subfield>
      <subfield code="2">gndspec</subfield>
    </datafield>
    <datafield tag="079" ind1=" " ind2=" ">
      <subfield code="a">g</subfield>
      <subfield code="q">f</subfield>
    </datafield>
    <datafield tag="100" ind1="1" ind2=" ">
      <subfield code="a">Schacher, Anna Catharina</subfield>
      <subfield code="d">-1640</subfield>
    </datafield>
    <datafield tag="400" ind1="1" ind2=" ">
      <subfield code="a">Schacher, Anna-Catharine</subfield>
      <subfield code="d">-1640</subfield>
    </datafield>
    <datafield tag="400" ind1="1" ind2=" ">
      <subfield code="a">Schacher, Anna Katharina</subfield>
      <subfield code="d">-1640</subfield>
    </datafield>
    <datafield tag="400" ind1="1" ind2=" ">
      <subfield code="a">Schacher, Anne-Cathrine</subfield>
      <subfield code="d">-1640</subfield>
    </datafield>
    <datafield tag="400" ind1="1" ind2=" ">
      <subfield code="a">Schacherin, Anne-Cathrine</subfield>
      <subfield code="d">-1640</subfield>
    </datafield>
    <datafield tag="500" ind1="1" ind2=" ">
      <subfield code="0">(DE-101)100870716</subfield>
      <subfield code="0">(DE-588)100870716</subfield>
      <subfield code="0">https://d-nb.info/gnd/100870716</subfield>
      <subfield code="a">Schacher, Quirin</subfield>
      <subfield code="d">1597-1670</subfield>
      <subfield code="4">bezf</subfield>
      <subfield code="4">https://d-nb.info/standards/elementset/gnd#familialRelationship</subfield>
      <subfield code="w">r</subfield>
      <subfield code="i">Beziehung familiaer</subfield>
      <subfield code="e">Beziehung familiaer</subfield>
      <subfield code="9">v:Vater</subfield>
    </datafield>
    <datafield tag="500" ind1="1" ind2=" ">
      <subfield code="0">(DE-101)112514243X</subfield>
      <subfield code="0">(DE-588)112514243X</subfield>
      <subfield code="0">https://d-nb.info/gnd/112514243X</subfield>
      <subfield code="a">Schacher, Anna Maria</subfield>
      <subfield code="d">1605-1647</subfield>
      <subfield code="4">bezf</subfield>
      <subfield code="4">https://d-nb.info/standards/elementset/gnd#familialRelationship</subfield>
      <subfield code="w">r</subfield>
      <subfield code="i">Beziehung familiaer</subfield>
      <subfield code="e">Beziehung familiaer</subfield>
      <subfield code="9">v:Mutter</subfield>
    </datafield>
    <datafield tag="548" ind1=" " ind2=" ">
      <subfield code="a">-1640</subfield>
      <subfield code="4">datl</subfield>
      <subfield code="4">https://d-nb.info/standards/elementset/gnd#dateOfDeath</subfield>
      <subfield code="w">r</subfield>
      <subfield code="i">Lebensdaten</subfield>
    </datafield>
    <datafield tag="548" ind1=" " ind2=" ">
      <subfield code="a">-13.04.1640</subfield>
      <subfield code="4">datx</subfield>
      <subfield code="4">https://d-nb.info/standards/elementset/gnd#dateOfDeath</subfield>
      <subfield code="w">r</subfield>
      <subfield code="i">Exakte Lebensdaten</subfield>
    </datafield>
    <datafield tag="551" ind1=" " ind2=" ">
      <subfield code="0">(DE-101)040352064</subfield>
      <subfield code="0">(DE-588)4035206-7</subfield>
      <subfield code="0">https://d-nb.info/gnd/4035206-7</subfield>
      <subfield code="a">Leipzig</subfield>
      <subfield code="4">ortw</subfield>
      <subfield code="4">https://d-nb.info/standards/elementset/gnd#placeOfActivity</subfield>
      <subfield code="w">r</subfield>
      <subfield code="i">Wirkungsort</subfield>
    </datafield>
    <datafield tag="678" ind1=" " ind2=" ">
      <subfield code="b">Töchterlein des Juristen Quirinus Schacher in Leipzig</subfield>
    </datafield>
    <datafield tag="913" ind1=" " ind2=" ">
      <subfield code="S">pnd</subfield>
      <subfield code="i">a</subfield>
      <subfield code="a">Schacher, Anna-Catharine</subfield>
      <subfield code="0">(DE-588a)130043419</subfield>
    </datafield>
  </record>
